@book{field2009discovering,
  title={Discovering statistics using SPSS},
  author={Field, Andy},
  year={2009},
  publisher={Sage publications}
}
@inproceedings{ester1996density,
  title={A density-based algorithm for discovering clusters in large spatial databases with noise.},
  author={Ester, Martin and Kriegel, Hans-Peter and Sander, J{\"o}rg and Xu, Xiaowei and others},
  booktitle={Kdd},
  volume={96},
  number={34},
  pages={226--231},
  year={1996}
}
@article{comaniciu2002mean,
  title={Mean shift: A robust approach toward feature space analysis},
  author={Comaniciu, Dorin and Meer, Peter},
  journal={IEEE Transactions on pattern analysis and machine intelligence},
  volume={24},
  number={5},
  pages={603--619},
  year={2002},
  publisher={IEEE}
}
@article{welch1947generalization,
  title={The generalization ofstudent's' problem when several different population variances are involved},
  author={Welch, Bernard L},
  journal={Biometrika},
  volume={34},
  number={1/2},
  pages={28--35},
  year={1947},
  publisher={JSTOR}
}
@article{rousseeuw1987silhouettes,
  title={Silhouettes: a graphical aid to the interpretation and validation of cluster analysis},
  author={Rousseeuw, Peter J},
  journal={Journal of computational and applied mathematics},
  volume={20},
  pages={53--65},
  year={1987},
  publisher={Elsevier}
}
@article{scikit-learn,
 title={Scikit-learn: Machine Learning in {P}ython},
 author={Pedregosa, F. and Varoquaux, G. and Gramfort, A. and Michel, V.
         and Thirion, B. and Grisel, O. and Blondel, M. and Prettenhofer, P.
         and Weiss, R. and Dubourg, V. and Vanderplas, J. and Passos, A. and
         Cournapeau, D. and Brucher, M. and Perrot, M. and Duchesnay, E.},
 journal={Journal of Machine Learning Research},
 volume={12},
 pages={2825--2830},
 year={2011}
}
@book{kaufman2009finding,
  title={Finding groups in data: an introduction to cluster analysis},
  author={Kaufman, Leonard and Rousseeuw, Peter J},
  volume={344},
  year={2009},
  publisher={John Wiley \& Sons}
}
